% This file was created with JabRef 2.10.
% Encoding: UTF-8


@Article{grandy2004time,
  Title                    = {Time evolution in macroscopic systems. II. The entropy},
  Author                   = {Grandy Jr, WT},
  Journal                  = {Foundations of Physics},
  Year                     = {2004},
  Number                   = {1},
  Pages                    = {21--57},
  Volume                   = {34},

  Owner                    = {florian},
  Publisher                = {Springer},
  Timestamp                = {2015.02.19}
}
@Article{cosmo_da,
  Title                    = {COSMO Documentation Part III: Data Assimilation},
  Author                   = {C. Schraff and R. Hess},
  Journal                  = {Foundations of Physics},
  Owner                    = {florian},
  Publisher                = {DWD},
  Timestamp                = {2015.02.19}
}

@Article{smith1999uncertainty,
  title={Uncertainty dynamics and predictability in chaotic systems},
  author={Smith, Leonard A and Ziehmann, C and Fraedrich, K},
  journal={Quarterly Journal of the Royal Meteorological Society},
  volume={125},
  number={560},
  pages={2855--2886},
  year={1999},
  publisher={Wiley Online Library}
}
@article{judd2008geometry,
  title={The geometry of model error},
  author={Judd, Kevin and Reynolds, Carolyn A and Rosmond, Thomas E and Smith, Leonard A},
  journal={Journal of the atmospheric sciences},
  volume={65},
  number={6},
  pages={1749--1772},
  year={2008}
}
